@article{cronin1994scholar,
  title={The scholar's courtesy: A survey of acknowledgement behaviour},
  author={Cronin, Blaise and Overfelt, Kara},
  journal={Journal of Documentation},
  volume={50},
  number={3},
  pages={165--196},
  year={1994},
  publisher={MCB UP Ltd}
}

@article{barabasi1999mean,
  title={Mean-field theory for scale-free random networks},
  author={Barab{\'a}si, Albert-L{\'a}szl{\'o} and Albert, R{\'e}ka and Jeong, Hawoong},
  journal={Physica A: Statistical Mechanics and its Applications},
  volume={272},
  number={1},
  pages={173--187},
  year={1999},
  publisher={Elsevier}
}

@article{barabasi1999emergence,
  title={Emergence of scaling in random networks},
  author={Barab{\'a}si, Albert-L{\'a}szl{\'o} and Albert, R{\'e}ka},
  journal={science},
  volume={286},
  number={5439},
  pages={509--512},
  year={1999},
  publisher={American Association for the Advancement of Science}
}

@article{milojevic2010modes,
  title={Modes of collaboration in modern science: Beyond power laws and preferential attachment},
  author={Milojevi{\'c}, Sta{\v{s}}a},
  journal={Journal of the Association for Information Science and Technology},
  volume={61},
  number={7},
  pages={1410--1423},
  year={2010},
  publisher={Wiley Online Library}
}

@article{wang2009effect,
  title={Effect of the age of papers on the preferential attachment in citation networks},
  author={Wang, Mingyang and Yu, Guang and Yu, Daren},
  journal={Physica A: Statistical Mechanics and its Applications},
  volume={388},
  number={19},
  pages={4273--4276},
  year={2009},
  publisher={Elsevier}
}

@article{eom2011characterizing,
  title={Characterizing and modeling citation dynamics},
  author={Eom, Young-Ho and Fortunato, Santo},
  journal={PloS one},
  volume={6},
  number={9},
  pages={e24926},
  year={2011},
  publisher={Public Library of Science}
}

@article{barabasi2002evolution,
  title={Evolution of the social network of scientific collaborations},
  author={Barab{\^a}si, Albert-Laszlo and Jeong, Hawoong and N{\'e}da, Zoltan and Ravasz, Erzsebet and Schubert, Andras and Vicsek, Tamas},
  journal={Physica A: Statistical mechanics and its applications},
  volume={311},
  number={3},
  pages={590--614},
  year={2002},
  publisher={Elsevier}
}

@inproceedings{sinha2015overview,
  title={An overview of microsoft academic service (mas) and applications},
  author={Sinha, Arnab and Shen, Zhihong and Song, Yang and Ma, Hao and Eide, Darrin and Hsu, Bo-june Paul and Wang, Kuansan},
  booktitle={Proceedings of the 24th international conference on world wide web},
  pages={243--246},
  year={2015},
  organization={ACM}
}

@article{redner1998popular,
  title={How popular is your paper? An empirical study of the citation distribution},
  author={Redner, Sidney},
  journal={The European Physical Journal B-Condensed Matter and Complex Systems},
  volume={4},
  number={2},
  pages={131--134},
  year={1998},
  publisher={Springer}
}

@article{laherrere1998stretched,
  title={Stretched exponential distributions in nature and economy:¡°fat tails¡± with characteristic scales},
  author={Laherrere, Jean and Sornette, Didier},
  journal={The European Physical Journal B-Condensed Matter and Complex Systems},
  volume={2},
  number={4},
  pages={525--539},
  year={1998},
  publisher={Springer}
}

@article{redner2004citation,
  title={Citation statistics from more than a century of physical review},
  author={Redner, Sidney},
  journal={arXiv preprint physics/0407137},
  year={2004}
}

@article{vazquez2001statistics,
  title={Statistics of citation networks},
  author={Vazquez, Alexei},
  journal={arXiv preprint cond-mat/0105031},
  year={2001}
}

@article{franceschet2012large,
  title={The large-scale structure of journal citation networks},
  author={Franceschet, Massimo},
  journal={Journal of the Association for Information Science and Technology},
  volume={63},
  number={4},
  pages={837--842},
  year={2012},
  publisher={Wiley Online Library}
}

@article{peterson2010nonuniversal,
  title={Nonuniversal power law scaling in the probability distribution of scientific citations},
  author={Peterson, George J and Press{\'e}, Steve and Dill, Ken A},
  journal={Proceedings of the National Academy of Sciences},
  volume={107},
  number={37},
  pages={16023--16027},
  year={2010},
  publisher={National Acad Sciences}
}

@article{klemm2002highly,
  title={Highly clustered scale-free networks},
  author={Klemm, Konstantin and Eguiluz, Victor M},
  journal={Physical Review E},
  volume={65},
  number={3},
  pages={036123},
  year={2002},
  publisher={APS}
}

@article{radicchi2008universality,
  title={Universality of citation distributions: Toward an objective measure of scientific impact},
  author={Radicchi, Filippo and Fortunato, Santo and Castellano, Claudio},
  journal={Proceedings of the National Academy of Sciences},
  volume={105},
  number={45},
  pages={17268--17272},
  year={2008},
  publisher={National Acad Sciences}
}

@article{vieira2010citations,
  title={Citations to scientific articles: Its distribution and dependence on the article features},
  author={Vieira, Elizabeth S and Gomes, Jos{\'e} ANF},
  journal={Journal of Informetrics},
  volume={4},
  number={1},
  pages={1--13},
  year={2010},
  publisher={Elsevier}
}

@article{albarran2011skewness,
  title={The skewness of science in 219 sub-fields and a number of aggregates},
  author={Albarr{\'a}n, Pedro and Crespo, Juan A and Ortu{\~n}o, Ignacio and Ruiz-Castillo, Javier},
  journal={Scientometrics},
  volume={88},
  number={2},
  pages={385--397},
  year={2011},
  publisher={Springer}
}

@article{thelwall2014distributions,
  title={Distributions for cited articles from individual subjects and years},
  author={Thelwall, Mike and Wilson, Paul},
  journal={Journal of Informetrics},
  volume={8},
  number={4},
  pages={824--839},
  year={2014},
  publisher={Elsevier}
}

@article{brzezinski2015power,
  title={Power laws in citation distributions: evidence from Scopus},
  author={Brzezinski, Michal},
  journal={Scientometrics},
  volume={103},
  number={1},
  pages={213--228},
  year={2015},
  publisher={Springer}
}

@article{yan2012scholarly,
  title={Scholarly network similarities: How bibliographic coupling networks, citation networks, cocitation networks, topical networks, coauthorship networks, and coword networks relate to each other},
  author={Yan, Erjia and Ding, Ying},
  journal={Journal of the Association for Information Science and Technology},
  volume={63},
  number={7},
  pages={1313--1326},
  year={2012},
  publisher={Wiley Online Library}
}

@article{merton1968matthew,
  title={The Matthew effect in science},
  author={Merton, Robert K and others},
  journal={Science},
  volume={159},
  number={3810},
  pages={56--63},
  year={1968},
  publisher={Washington}
}

@article{price1976general,
  title={A general theory of bibliometric and other cumulative advantage processes},
  author={Price, Derek de Solla},
  journal={Journal of the Association for Information Science and Technology},
  volume={27},
  number={5},
  pages={292--306},
  year={1976},
  publisher={Wiley Online Library}
}

@article{simon1955class,
  title={On a class of skew distribution functions},
  author={Simon, Herbert A},
  journal={Biometrika},
  volume={42},
  number={3/4},
  pages={425--440},
  year={1955},
  publisher={JSTOR}
}


@article{newman2001clustering,
  title={Clustering and preferential attachment in growing networks},
  author={Newman, Mark EJ},
  journal={Physical review E},
  volume={64},
  number={2},
  pages={025102},
  year={2001},
  publisher={APS}
}

@article{sinatra2015century,
  title={A century of physics},
  author={Sinatra, Roberta and Deville, Pierre and Szell, Michael and Wang, Dashun and Barab{\'a}si, Albert-L{\'a}szl{\'o}},
  journal={Nature Physics},
  volume={11},
  number={10},
  pages={791},
  year={2015},
  publisher={Nature Publishing Group}
}

@article{jeong2003measuring,
  title={Measuring preferential attachment in evolving networks},
  author={Jeong, Hawoong and N{\'e}da, Zoltan and Barab{\'a}si, Albert-L{\'a}szl{\'o}},
  journal={EPL (Europhysics Letters)},
  volume={61},
  number={4},
  pages={567},
  year={2003},
  publisher={IOP Publishing}
}

@article{wang2008measuring,
  title={Measuring the preferential attachment mechanism in citation networks},
  author={Wang, Mingyang and Yu, Guang and Yu, Daren},
  journal={Physica A: Statistical Mechanics and its Applications},
  volume={387},
  number={18},
  pages={4692--4698},
  year={2008},
  publisher={Elsevier}
}

@inproceedings{radev2009acl,
  title={The ACL anthology network corpus},
  author={Radev, Dragomir R and Muthukrishnan, Pradeep and Qazvinian, Vahed},
  booktitle={Proceedings of the 2009 Workshop on Text and Citation Analysis for Scholarly Digital Libraries},
  pages={54--61},
  year={2009},
  organization={Association for Computational Linguistics}
}

@article{wang2013quantifying,
  title={Quantifying long-term scientific impact},
  author={Wang, Dashun and Song, Chaoming and Barab{\'a}si, Albert-L{\'a}szl{\'o}},
  journal={Science},
  volume={342},
  number={6154},
  pages={127--132},
  year={2013},
  publisher={American Association for the Advancement of Science}
}

@article{bu2016maca,
  title={MACA: a modified author co-citation analysis method combined with general descriptive metadata of citations},
  author={Bu, Yi and Liu, Tian-yi and Huang, Win-bin},
  journal={Scientometrics},
  volume={108},
  number={1},
  pages={143--166},
  year={2016},
  publisher={Springer}
}

@article{borner2012design,
  title={Design and update of a classification system: The UCSD map of science},
  author={B{\"o}rner, Katy and Klavans, Richard and Patek, Michael and Zoss, Angela M and Biberstine, Joseph R and Light, Robert P and Larivi{\`e}re, Vincent and Boyack, Kevin W},
  journal={PloS one},
  volume={7},
  number={7},
  pages={e39464},
  year={2012},
  publisher={Public Library of Science}
}


